<?xml version='1.0' encoding='UTF-8'?>
<record xmlns="http://www.loc.gov/MARC21/slim">
  <leader>00660cam a2200193M  4500</leader>
  <controlfield tag="001">2762478</controlfield>
  <controlfield tag="003">NjP</controlfield>
  <controlfield tag="005">20100810143809.0</controlfield>
  <controlfield tag="008">890926s1956    sy            000 0 ara d</controlfield>
  <datafield tag="024" ind1="7" ind2=" ">
    <subfield code="a">princeton_aco002106</subfield>
    <subfield code="2">local</subfield>
  </datafield>
  <datafield ind1=" " ind2=" " tag="035">
    <subfield code="a">(OCoLC)ocm23507090</subfield>
  </datafield>
  <datafield ind1=" " ind2=" " tag="035">
    <subfield code="9">CNF7399TS</subfield>
  </datafield>
  <datafield ind1=" " ind2=" " tag="040">
    <subfield code="a">EYM</subfield>
    <subfield code="c">EYM</subfield>
    <subfield code="d">AZU</subfield>
    <subfield code="d">PUL</subfield>
  </datafield>
  <datafield ind1="1" ind2=" " tag="100">
    <subfield code="a">Futayyiḥ, Aḥmad.</subfield>
  </datafield>
  <datafield ind1="1" ind2="0" tag="245">
    <subfield code="a">Tārīkh al-Majmaʻ al-ʻIlmī al-ʻArabī /</subfield>
    <subfield code="c">taʾlīf Aḥmad al-Futayyiḥ.</subfield>
  </datafield>
  <datafield ind1=" " ind2=" " tag="260">
    <subfield code="a">Dimashq :</subfield>
    <subfield code="b">al-Majmaʻ,</subfield>
    <subfield code="c">1956.</subfield>
  </datafield>
  <datafield ind1=" " ind2=" " tag="300">
    <subfield code="a">279 p. :</subfield>
    <subfield code="b">ill. ;</subfield>
    <subfield code="c">25 cm.</subfield>
  </datafield>
  <datafield ind1="2" ind2="0" tag="610">
    <subfield code="a">Majmaʻ al-ʻIlmī al-ʻArabī bi-Dimashq</subfield>
    <subfield code="x">History.</subfield>
  </datafield>
  <datafield ind1=" " ind2=" " tag="945">
    <subfield code="a">F</subfield>
    <subfield code="b">1</subfield>
    <subfield code="c">2269.3709.389</subfield>
  </datafield>
  <datafield ind1=" " ind2=" " tag="911">
    <subfield code="a">20000130</subfield>
  </datafield>
  <datafield ind1="0" ind2="0" tag="852">
    <subfield code="0">3073261</subfield>
    <subfield code="b">nec</subfield>
    <subfield code="t">1</subfield>
    <subfield code="h">DS244.52</subfield>
    <subfield code="i">.F883 1956</subfield>
  </datafield>
  <datafield ind1=" " ind2=" " tag="959">
    <subfield code="a">2009-06-30 09:13:48 -0400</subfield>
  </datafield>
</record>
